@book{cudabyexample,
	title = {CUDA By Example},
	isbn = {0-13-138768-5},
	publisher = {Addison-Wesley},
	author = {Sanders, Jason and Kandrot, Edward},
	year = {2010},
	pages = {290}
}

@techreport{kloeckner_pycuda_2009,
   author = {{Kl{\"o}ckner}, Andreas
        and {Pinto}, Nicolas
        and {Lee}, Yunsup
        and {Catanzaro}, B.
        and {Ivanov}, Paul
        and {Fasih}, Ahmed },
   title = "{PyCUDA and PyOpenCL: A Scripting-Based Approach to GPU Run-Time Code Generation}",
   url = {http://arxiv.org/abs/0911.3456},
   institution = "Scientific Computing Group, Brown University",
   number = "2009-40",
   address = "Providence, RI, USA",
   year = 2009,
   month = nov,
}

@book{bestpracticesguide,
     title = {NVIDIA CUDA Best Practices Guide 3.2},
     isbn = {N/A},
     publisher = {nVidia Corporation},
     year = {2010},
     pages = {73}
}

@book{programmingguide,
     title = {NVIDIA CUDA C Programming Guide 3.2},
     isbn = {N/A},
     publisher = {nVidia Corporation},
     year = {2010}
}

@techreport{distnumpy,
	title = {Numerical Python for Scalable Architectures},
	institution = {eScience Centre, University of Copenhagen},
	author = {Kristensen, Mads Ruben Burgdorff 
		 and  Vinter, Brian},
	address = {Copenhagen, DK}
}

@misc{pycuda,
	title = {PyCUDA Documentation},
	author = {{Kl{\"o}ckner}, Andreas},
	howpublished = "\url{http://documen.tician.de/pycuda/}"
}

@misc{drdobbs,
	title = {Dr.Dobb's: CUDA, Supercomputing for the Masses: Part 11},
	author = {Farber, Rob},
	year = 2009,
	howpublished = "\url{http://drdobbs.com/high-performance-computing/215900921}"
}

@misc{haslam,
	title = {Lattice Boltzmann Matlab Scripts},
	author = {Haslam, Iain},
	year = 2006,
	howpublished = "\url{http://www.exolete.com/code/lbm}"
}

@misc{madsbklbm,
	title = {Distnumpy D3Q19 Lattice Boltzmann implementation},
	author = {Haslam, Iain and Kristensen, Mads Ruben Burgdorff and Vinter, Brian},
	year = 2011,
	howpublished = "\url{http://code.google.com/p/distnumpy/source/browse/trunk/benchmarks/lbm3d.py}"
}

@misc{scholarpedialbm,
	title = {Scholarpedia: Lattice Boltzmann Method},
	author = {Prof. Succi, Sauro and Dr. Sbragaglia, Mauro and Dr. Ubertini Stefano },
	year = 2010,
	howpublished = "\url{http://www.scholarpedia.org/article/Lattice_Boltzmann_Method}"
}

@misc{lid,
	title = {Lid-driven cavity problem},
	author = {CFD Online},
	howpublished = "\url{http://www.cfd-online.com/Wiki/Lid-driven_cavity_problem}"
}

@misc{lidref,
	title = {Lid-driven cavity flow},
	author = {The open source CFD toolbox},
	howpublished = "\url{http://www.openfoam.com/docs/user/cavity.php}"
}

@article{mpr,
	title = {PARALLEL PROCESSING WITH CUDA},
	url = {http://www.mpronline.com/},
	abstract = {no abstract},
	journal = {Microprocessor Report},
	author = {{R. Halfhill}, Tom},
	year = {2008},
}

@misc{cudamem,
	title = {NVIDIA's GT200: Inside a Parallel Processor},
	author = {Kanter, David},
	howpublished = "\url{http://www.realworldtech.com/page.cfm?ArticleID=RWT090808195242&p=3}"
}	